@article{BelAlbRig20-TPLP-IJ,
  author = {Elena Bellodi and Marco Alberti and Fabrizio Riguzzi and Riccardo Zese},
  title = {{MAP} Inference for Probabilistic Logic Programming},
  journal = {Theory and Practice of Logic Programming},
  publisher = {Cambridge University Press},
  copyright = {Cambridge University Press},
  year = {2020},
  url = {https://arxiv.org/abs/2008.01394},
  volume = {20},
  doi = {10.1017/S1471068420000174},
  pdf = {https://arxiv.org/pdf/2008.01394.pdf},
  number = {5},
  pages = {641-655}
}
@inproceedings{RaeLae95-ALT95,
  Author       = "De Raedt, L. and Van Laer, W.",
  Title        = "Inductive constraint logic",
  Booktitle    = {Proceedings of the 6th Conference on Algorithmic Learning Theory (ALT 1995)},
  address = { Fukuoka, Japan},
  Series       = {LNAI},
  Volume       = 997,
  Publisher    = {Springer},
  Year         = {1995},
  pages = {80-94},
}